<record><leader>00000cas a2200000 a 4500</leader><controlfield tag="001">42908339</controlfield><controlfield tag="008">991201c19939999fluwr ne      0    0spa c</controlfield><datafield ind1=" " ind2=" " tag="010"><subfield code="a">sn 99026983 </subfield></datafield><datafield ind1=" " ind2=" " tag="040"><subfield code="a">FUG</subfield><subfield code="b">eng</subfield><subfield code="c">FUG</subfield><subfield code="d">OCLCQ</subfield><subfield code="d">OCLCF</subfield><subfield code="d">OCLCO</subfield></datafield><datafield ind1="1" ind2=" " tag="029"><subfield code="a">AU@</subfield><subfield code="b">000021235570</subfield></datafield><datafield ind1=" " ind2=" " tag="042"><subfield code="a">pcc</subfield></datafield><datafield ind1=" " ind2=" " tag="043"><subfield code="a">n-us-fl</subfield></datafield><datafield ind1="0" ind2=" " tag="130"><subfield code="a">Spotlight internacional (Miami, Fla. : 1993)</subfield></datafield><datafield ind1="1" ind2="0" tag="245"><subfield code="a">Spotlight internacional.</subfield></datafield><datafield ind1=" " ind2=" " tag="260"><subfield code="a">Miami, Fla. :</subfield><subfield code="b">Waldo Pe&#769;rez Pe&#769;rez</subfield></datafield><datafield ind1=" " ind2=" " tag="300"><subfield code="a">v. :</subfield><subfield code="b">ill. ;</subfield><subfield code="c">45 cm.</subfield></datafield><datafield ind1=" " ind2=" " tag="310"><subfield code="a">Weekly</subfield></datafield><datafield ind1=" " ind2=" " tag="530"><subfield code="a">Also issued on microfilm from the University of Florida.</subfield></datafield><datafield ind1=" " ind2=" " tag="588"><subfield code="a">Description based on: Sept. 18 de 1993.</subfield></datafield><datafield ind1=" " ind2=" " tag="588"><subfield code="a">Latest issue consulted: Oct. 1, 1999.</subfield></datafield><datafield ind1=" " ind2="0" tag="650"><subfield code="a">Cubans</subfield><subfield code="z">Florida</subfield><subfield code="v">Newspapers.</subfield></datafield><datafield ind1=" " ind2="0" tag="651"><subfield code="a">Miami (Fla.)</subfield><subfield code="v">Newspapers.</subfield></datafield><datafield ind1=" " ind2="0" tag="651"><subfield code="a">Miami-Dade County (Fla.)</subfield><subfield code="v">Newspapers.</subfield></datafield><datafield ind1=" " ind2="7" tag="655"><subfield code="a">Newspapers.</subfield><subfield code="2">fast</subfield><subfield code="0">(OCoLC)fst01423814</subfield></datafield><datafield ind1=" " ind2="7" tag="650"><subfield code="a">Cubans.</subfield><subfield code="2">fast</subfield><subfield code="0">(OCoLC)fst00884834</subfield></datafield><datafield ind1=" " ind2="7" tag="651"><subfield code="a">Florida.</subfield><subfield code="2">fast</subfield><subfield code="0">(OCoLC)fst01205150</subfield></datafield><datafield ind1=" " ind2="7" tag="651"><subfield code="a">Florida</subfield><subfield code="z">Miami.</subfield><subfield code="2">fast</subfield><subfield code="0">(OCoLC)fst01213727</subfield></datafield><datafield ind1=" " ind2="7" tag="651"><subfield code="a">Florida</subfield><subfield code="z">Miami-Dade County.</subfield><subfield code="2">fast</subfield><subfield code="0">(OCoLC)fst01287298</subfield></datafield><datafield ind1="1" ind2=" " tag="700"><subfield code="a">Pe&#769;rez Pe&#769;rez, Waldo.</subfield></datafield><datafield ind1=" " ind2=" " tag="752"><subfield code="a">United States</subfield><subfield code="b">Florida</subfield><subfield code="c">Miami-Dade</subfield><subfield code="d">Miami.</subfield></datafield><datafield ind1="1" ind2=" " tag="776"><subfield code="c">Microfilm</subfield><subfield code="d">George A. Smathers Libraries, University of Florida</subfield><subfield code="w">(DLC)sn 00065367</subfield><subfield code="w">(OCoLC)43396435</subfield></datafield><datafield ind1="0" ind2="0" tag="780"><subfield code="t">Nuevo diario de Miami</subfield><subfield code="w">(DLC)sn 99026982</subfield><subfield code="w">(OCoLC)42908128</subfield></datafield></record>